<record><leader>00000cas a22000007a 4500</leader><controlfield tag="001">12874562</controlfield><controlfield tag="008">851205d19531953pauwr ne      0    0eng d</controlfield><datafield ind1=" " ind2=" " tag="010"><subfield code="a">sn 85055253 </subfield></datafield><datafield ind1=" " ind2=" " tag="040"><subfield code="a">NPH</subfield><subfield code="b">eng</subfield><subfield code="c">NPH</subfield><subfield code="d">NPX</subfield><subfield code="d">OCLCQ</subfield></datafield><datafield ind1=" " ind2=" " tag="042"><subfield code="a">msc</subfield></datafield><datafield ind1="0" ind2="0" tag="245"><subfield code="a">Union County standard and Lewisburg journal-news.</subfield></datafield><datafield ind1=" " ind2=" " tag="260"><subfield code="a">Lewisburg, Pa. :</subfield><subfield code="b">William P. Hastings,</subfield><subfield code="c">1953.</subfield></datafield><datafield ind1=" " ind2=" " tag="300"><subfield code="a">1 no. :</subfield><subfield code="b">ill. ;</subfield><subfield code="c">57 cm.</subfield></datafield><datafield ind1=" " ind2=" " tag="310"><subfield code="a">Weekly</subfield></datafield><datafield ind1="0" ind2=" " tag="362"><subfield code="a">Jan. 29, 1953.</subfield></datafield><datafield ind1=" " ind2=" " tag="752"><subfield code="a">United States</subfield><subfield code="b">Pennsylvania</subfield><subfield code="c">Union</subfield><subfield code="d">Lewisburg.</subfield></datafield><datafield ind1="0" ind2="4" tag="780"><subfield code="t">Union County standard (Lewisburg, Pa.)</subfield><subfield code="w">(DLC)sn 85055254</subfield></datafield><datafield ind1="0" ind2="4" tag="780"><subfield code="t">Lewisburg journal-news</subfield><subfield code="w">(DLC)sn 85055128</subfield></datafield><datafield ind1="0" ind2="0" tag="785"><subfield code="t">Union County standard-journal</subfield><subfield code="w">(DLC)sn 85055252</subfield></datafield></record>